@book{haykin2001communication,
  title     = {Communication Systems},
  author    = {Haykin, Simon},
  year      = {2001},
  publisher = {John Wiley \& Sons}
}

@book{proakis2007digital,
  title     = {Digital Communications},
  author    = {Proakis, John G and Salehi, Masoud},
  year      = {2007},
  publisher = {McGraw-Hill}
}

@book{sklar2001digital,
  title     = {Digital Communications: Fundamentals and Applications},
  author    = {Sklar, Bernard},
  year      = {2001},
  publisher = {Prentice Hall}
}

@misc{pic,
  title = {{Draw a diagram of amplitude modulated waves.}},
  year  = {2025},
  month = jan,
  note  = {[Online; accessed 9. Jan. 2025]},
  url   = {https://www.vedantu.com/question-answer/draw-a-diagram-of-amplitude-modulated-waves-class-13-physics-cbse-5f625ed7e5bde9062ff6c68c}
}
@article{blck,
  title   = {An Explicit Output Current-mode Quadrature Sinusoidal Oscillator and a Universal Filter Employing Only Grounded Passive Components - a Minimal Realisation},
  author  = {Arora, Tajinder and Gupta, Manish and Gupta, Shiv Narain},
  journal = {Advances in Electrical and Electronic Engineering},
  year    = {2021},
  volume  = {19},
  pages   = {},
  doi     = {10.15598/aeee.v19i3.4121},
  month   = {10}
}