@book{haykin2008communication,
  title     = {Communication Systems},
  author    = {Haykin, Simon},
  year      = {2008},
  publisher = {Wiley}
}

@book{proakis2007digital,
  title     = {Digital Communications},
  author    = {Proakis, John G},
  year      = {2007},
  publisher = {McGraw-Hill}
}