@book{haykin2001communication,
  title     = {Communication Systems},
  author    = {Haykin, Simon},
  year      = {2001},
  publisher = {Wiley}
}

@book{proakis2007digital,
  title     = {Digital Communications},
  author    = {Proakis, John G. and Salehi, Masoud},
  year      = {2007},
  publisher = {McGraw-Hill}
}

@book{sklar2001digital,
  title     = {Digital Communications: Fundamentals and Applications},
  author    = {Sklar, Bernard},
  year      = {2001},
  publisher = {Prentice Hall}
}

@book{lathi2009modern,
  title     = {Modern Digital and Analog Communication Systems},
  author    = {Lathi, B.P. and Ding, Zhi},
  year      = {2009},
  publisher = {Oxford University Press}
}