@book{proakis2007digital,
  title     = {Digital Signal Processing: Principles, Algorithms, and Applications},
  author    = {Proakis, John G and Manolakis, Dimitris G},
  year      = {2007},
  publisher = {Pearson Prentice Hall}
}

@book{oppenheim1996signals,
  title     = {Signals and Systems},
  author    = {Oppenheim, Alan V and Willsky, Alan S and Nawab, S Hamid},
  year      = {1996},
  publisher = {Prentice-Hall, Inc.}
}

@article{shannon1949communication,
  title     = {Communication in the presence of noise},
  author    = {Shannon, Claude E},
  journal   = {Proceedings of the IRE},
  year      = {1949},
  volume    = {37},
  number    = {1},
  pages     = {10--21},
  publisher = {IEEE}
}
