@book{haykin_communication_systems,
  title     = {Communication Systems},
  author    = {Simon Haykin and Michael Moher},
  year      = {2009},
  publisher = {Wiley},
  edition   = {5th},
  isbn      = {978-0471697909}
}

@book{proakis_digital_communications,
  title     = {Digital Communications},
  author    = {John G. Proakis and Masoud Salehi},
  year      = {2008},
  publisher = {McGraw-Hill},
  edition   = {5th},
  isbn      = {978-0072957167}
}

@book{sklar_digital_communications,
  title     = {Digital Communications: Fundamentals and Applications},
  author    = {Bernard Sklar and Fredric Harris},
  year      = {2001},
  publisher = {Prentice Hall},
  edition   = {2nd},
  isbn      = {978-0130847881}
}

@book{oppenheim_signals_systems,
  title     = {Signals and Systems},
  author    = {Alan V. Oppenheim and Alan S. Willsky and S. Hamid Nawab},
  year      = {1996},
  publisher = {Prentice Hall},
  edition   = {2nd},
  isbn      = {978-0138147570}
}